
@book{Engelking,
author = "Ryszard Engelking",
title = "General Topology",
publisher = "Heldermann",
series = "Sigma Series in Pure Mathematics",
volume = 6,
isbn = "3-88538-006-4",
year = 1989
}
@book{Munkres,
author = "James R. Munkres",
title = "Topology",
publisher = "Prentice Hall",
edition = "2nd",
isbn = "0-13-181629-2",
year = 2000
}
@book{KHTJ,
author = "Karel Hrbacek and Thomas Jech",
title = "Introduction to Set Theory",
publisher = "Marcel Dekker, Inc",
edition = "3rd",
isbn = {0-8247-7915-0},
year = 1999
}
@book{Faber,
author = "M.J. Faber",
title = "Metrizability in Generalized Ordered Spaces",
publisher = "Mathematisch Centrum",
isbn = {9789061960973},
year = 1974
}
@book{Nagata,
author = "J. Nagata",
title = "Modern General Topology",
edition = "2nd",
series = "Bibliotheca Mathematica",
volume = 7,
publisher = "North Holland",
year = 1985
}
@article{HeathLutzerZenor,
author = "R. W. Heath and D. J. Lutzer and P. L. Zenor",
title = "Monotonically Normal Spaces",
journal = "Transactions of the American Mathematical Society",
volume = 178,
pages = "481-493",
month = "April", 
year = 1973 
}
@article{EngelkingLutzer,
author = "R. Engelking and D. Lutzer",
title = "Paracompactness in Ordered Spaces",
journal = "Fundamenta Mathematicae XCIV",
year = 1977
}
@article{Herrlich,
author = "H. Herrlich",
title = {Ordnungsf\"{a}higkeit total-diskontinuierlicher {R}\"{a}ume},
journal = "Math. Annalen",
volume = 159,
pages = "77-80",
year = 1965
}
@article{GillamHenriksen,
author = "Leonard Gillman and Melvin Henriksen",
title = "Concerning Rings of Continuous Functions",
journal = "Transactions of the American Mathematical Society",
volume = 77,
number = 2,
pages = "340-362",
month = "September",
year = 1954
}
@article{HansWeber,
author = "Hans Weber",
title = "On Moduler Functions",
journal = "Functiones et Approximatio XXIV",
pages = "35-52",
year = 1996
}
